%%%%%%%%%%%%%%%%%%%%%%%%%%%%%%%%%%%%%%%%%%%%%%%%%%%%%%%%%%%%%%%%%%%%%%\

% pokud nechcem aby nam to zmensovalo pismenka v nazvech titulu, 
% tak to obklopit chlupatejma zavorkama

@misc{ bib:dicom-structures,
  title = 	   {DICOM PS3.5 2022e - Data Structures and Encoding},
  author = 	   {NEMA},
  year = 	       {2022},
  howpublished = {online},
  note = 	 {[cit.~2023--01--08] \url{https://dicom.nema.org/medical/dicom/current/output/html/part05.html}}
}

@misc{ bib:dicom-dictionary,
  title = 	   {DICOM PS3.6 2022e - Data Dictionary},
  author = 	   {NEMA},
  year = 	       {2022},
  howpublished = {online},
  note = 	 {[cit.~2023--01--08] \url{https://dicom.nema.org/medical/dicom/current/output/html/part06.html}}
}

@misc{ bib:pydicom,
  title = 	   {pydicom documentation},
  author = 	   {Darcy Mason and pydicom contributors},
  year = 	       {2022},
  howpublished = {online},
  note = 	 {[cit.~2023--01--08] \url{https://pydicom.github.io/pydicom/stable/}}
}

@misc{ bib:pydicom-formats,
  title = 	   {Supported Transfer Syntaxes --- pydicom documentation},
  author = 	   {Darcy Mason and pydicom contributors},
  year = 	       {2022},
  howpublished = {online},
  note = 	 {[cit.~2023--01--08] \url{https://pydicom.github.io/pydicom/dev/old/image_data_handlers.html#supported-transfer-syntaxes}}
}

@misc{ bib:pyvista-volumes,
  title = 	   {Volume Rendering --- PyVista documentation},
  author = 	   {The PyVista Developers},
  year = 	       {2022},
  howpublished = {online},
  note = 	 {[cit.~2023--01--08] \url{https://docs.pyvista.org/examples/02-plot/volume.html}}
}

@misc{ bib:wiki-trilinear_interpolation,
  title = 	   {Trilinear interpolation --- Wikipedia, the free encyclopedia},
  author = 	   {Wikipedia},
  year = 	       {2023},
  howpublished = {online},
  note = 	 {[cit.~2023--01--08] \url{https://en.wikipedia.org/wiki/Trilinear_interpolation}}
}

@misc{ bib:numba,
  title = 	   {Numba documentation},
  author = 	   {Anaconda, Inc. and others},
  year = 	       {2020},
  howpublished = {online},
  note = 	 {[cit.~2023--01--08] \url{https://numba.readthedocs.io/en/stable/}}
}

@misc{ bib:magicavoxel-vox,
  title = 	   {MagicaVoxel-file-format-vox.txt},
  author = 	   {ephtracy},
  year = 	       {2021},
  howpublished = {online},
  note = 	 {[cit.~2023--01--08] \url{https://github.com/ephtracy/voxel-model/blob/master/MagicaVoxel-file-format-vox.txt}}
}

@misc{ bib:marchingcubes,
  title = 	   {Marching cubes: A high resolution 3D surface construction algorithm},
  author = 	   {Lorensen, William E.; Cline, Harvey E.},
  year = 	       {1987},
  howpublished = {online},
  note = 	 {[cit.~2023--01--08] \url{https://dl.acm.org/doi/10.1145/37402.37422}}
}
